% Bibliografía

% Este fichero contiene la bibliografía de la memoria
% Está en un formato que se conoce como BibTex.
% Hay muchos sitios web que exportan referencias en formato BibTeX. 
% Prueba a buscar en http://scholar.google.com por referencias
% y verás que lo puedes hacer de manera sencilla.
% Más información: 
% http://texblog.org/2014/04/22/using-google-scholar-to-download-bibtex-citations/

% Existen varias posibilidades para referenciar diferentes tipos de documentos,
% ya que los datos necesarios varían. Así, existen formatos de entrada para
%     * libros (book)
%     * artículos en revistas de investigación (article)
%     * capítulos de libro (incollection)
%     * informes técnicos (techreport)
%     * otros (misc)
%
% Las páginas web deberían ir como misc.

% Una última cosa: no referencias nunca la WikiPedia
% La WikiPedia, como buena enciclopedia, no es fuente primaria.
% Si acaso, busca por citas en la WikiPedia (que sí ha de referenciar fuentes
% primarias) y haz referencia a las mismas.

@Book{bonabeau:_swarm,
  author = 	 {Eric Bonabeau and Marco Dorigo and Guy Theraulaz},
 title = 	 {Swarm Intelligence: From Natural to Articial Systems},
  publisher = 	 {Oxford University Press, Inc.},
  year = 	 1999
}

@Book{Lerner:_ng-book,
  author = 	 {Ari Lerner},
 title = 	 {ng-book: The Complete Book on AngularJS},
  publisher = 	 {Fullstack.io},
  year = 	 2013
}
 
@Misc{pagina-css3,
  title =	 {Página sobre CSS3},
  howpublished = {\url{http://www.w3schools.com/css/css3_intro.asp/}}
}

@Misc{pagina-javascript,
  title =	 {Página sobre Javascript},
  howpublished = {\url{http://www.maestrosdelweb.com/que-es-javascript/}}
}

@Misc{pagina-html5,
  title =	 {Página sobre HTML5},
  howpublished = {\url{http://www.w3schools.com/html/html5_intro.asp}}
}

@Misc{pagina-bootstrap,
  title =	 {Página sobre Bootstrap},
  howpublished = {\url{https://raiolanetworks.es/blog/que-es-bootstrap/}}
}

@Misc{pagina-angularjs,
  title =	 {Página sobre Angular JS},
  howpublished = {\url{http://www.desarrolloweb.com/articulos/por-que-angularjs.html}}
}

@Misc{pagina-git,
  title =	 {Página sobre Git},
  howpublished = {\url{http://www.desarrolloweb.com/articulos/introduccion-git-github.html}}
}

@Misc{pagina-erasmus,
  title =	 {Página sobre Erasmus},
  howpublished = {\url{http://www.todoerasmus.es/que-es-erasmus/}}
}

@Misc{pagina-crontab,
  title =	 {Página que explica cómo hacer backups},
  howpublished = {\url{http://vensign.com/hacer-un-backup-mysql-con-cron-en-linux/}}
}

@Misc{pagina-margo,
  title =	 {Página con la plantilla utilizada para la interfaz de usuario},
  howpublished = {\url{https://graygrids.com/demos/themes/margo/index.html}}
}

@Misc{pagina-angucomplete,
  title =	 {Página de una librería de Angular JS para la introducción de textos predictivos},
  howpublished = {\url{https://graygrids.com/demos/themes/margo/index.html}}
}
